<?xml version="1.0" encoding="UTF-8"?><collection xmlns="http://www.loc.gov/MARC21/slim"><record><leader>00455nam--2200157-i-4500</leader><controlfield tag="001">000044284</controlfield><controlfield tag="002">20161230</controlfield><controlfield tag="005">20161230201044</controlfield><controlfield tag="008">060222s1000------------r-----000-0-eng-d</controlfield><datafield ind1=" " ind2=" " tag="080"><subfield code="a">530.182</subfield></datafield><datafield ind1=" " ind2=" " tag="100"><subfield code="a">Kawakami,Hiroshi(ed.)</subfield></datafield><datafield ind1="1" ind2="0" tag="245"><subfield code="a">The theory dynamical systems and its applications to nonlinear problems</subfield></datafield><datafield ind1=" " ind2=" " tag="260"><subfield code="a">Singapore, World Scientific, 1984, 244p</subfield></datafield><datafield ind1=" " ind2=" " tag="700"><subfield code="a">Kawakami,Hiroshi</subfield></datafield><datafield ind1=" " ind2=" " tag="852"><subfield code="a">73900</subfield><subfield code="c">517.9</subfield></datafield><datafield ind1=" " ind2=" " tag="CAT"><subfield code="a">Sys</subfield><subfield code="c">20090506</subfield><subfield code="h">121602</subfield></datafield></record></collection>